%Encoding: UTF - 8

@article{bib1,
author = "K Kroenke and RL Spitzer and JB Williams and M Linzer and SR Hahn and FV deGruy and D Brody ",
title = "Physical symptoms in primary care. Predictors of psychiatric disorders and functional impairment",
journal = "Archives of Family Medicine",
year = "1994",
volume = "3",
number = "9",
pages = "774--779",
url = "7987511",
}
@article{bib2,
author = "HU Wittchen and Z Zhao and R Kesller and W Eaton ",
title = "DSM-III-R Generalized Anxiety Disorder in the National Comorbidity Survey",
journal = "Archives of General Psychiatry",
year = "1994",
volume = "51",
number = "5",
pages = "355--364",
url = "8179459",
}
@article{bib3,
author = "Hans-Ulrich Wittchen ",
title = "Generalized anxiety disorder: prevalence, burden, and cost to society",
journal = "Depression and Anxiety",
year = "2002",
volume = "16",
number = "4",
pages = "162--171",
doi = "10.1002/da.10065",
url = "https://doi.org/10.1002/da.10065",
}
@article{bib4,
author = "C Hunt and C Issakidis and G Andrews ",
title = "DSM-IV generalized anxiety disorder in the Australian National Survey of Mental Health and Well-Being",
journal = "Psychological Medicine",
year = "2002",
volume = "32",
number = "4",
pages = "649--659",
url = "12102379",
}
@book{bib5,
author = "{World Health Organization}",
title = "The ICD-10 Classification if Mental and Behavioural Disorders: Diagnostic criteria for research",
publisher = "WHO",
address = "Geneva",
year = "1993",
}
@book{bib6,
author = "{American Psychiatric Association}",
title = "Diagnostic and Statistical Manual of Mental Disorders. 5 ed.",
publisher = "American Psychiatric Publishing",
address = "Arlington",
year = "2013",
}
@book{bib7,
author = "AS Avedysova and IA Aleksandrovskyy ",
title = "Rasstroystva pishchevogo povedeniya pri ozhireniii ikh korrektsiya",
publisher = "GEOTAR-MED",
address = "Moskov",
year = "2004",
}
@article{bib8,
author = "DY Veltyshchev and AS Marchenko ",
title = "Generalizovannoe trevozhnoe rasstroystvo: problemyi diagnostiki, prognoza i psihofarmakoterapiia",
journal = "Sovremennaya terapiya psihicheskih rasstroystv",
year = "2013",
volume = "1",
pages = "17--23",
url = "	http://www.psypharma.ru/ru/generalizovannoe-trevozhnoe-rasstroystvo-problemy-diagnostiki-prognoza-i-psihofarmakoterapii
		",
}
@article{bib9,
author = "YE Less ",
title = "Generalizovannoe trevozhnoe rasstroystvo: tipologiya i komorbidnyie sostoyaniya",
journal = "Rossiyskiy psihiatricheskiy zhurnal",
year = "2008",
volume = "2",
pages = "40--45",
url = "
		http://elibrary.ru/item.asp?id=10441306
		",
}
@inbook{bib10,
author = "R Kessler and K Mickelson and C Barber ",
chapter = "{
		The chronic association between medical conditions and work impairment
		}",
editor = "A Rossi ",
title = "Caring and doing for others: social responsibility in the domains of family, work and community",
publisher = "University of Chicago Press",
address = "Chicago",
year = "2001",
}
@book{bib11,
author = "TJ D`Zurilla and AM Nezu ",
title = "Problem-solving therapy: A social competence approach to clinical intervention",
publisher = "Springer",
address = "New York",
year = "1999",
}
@book{bib12,
author = "Albert Ellis ",
title = "Rational Emotive Behavior Therapy: A Therapist`s Guide. 2nd ed.",
publisher = "Impact Publishers",
address = "Atascadero",
year = "2005",
}
@book{bib13,
author = "RE McMullin ",
title = "The New Handbook of Cognitive Therapy Techniques. 2nd ed.",
publisher = "W. W. Norton & Company",
address = "New York",
year = "1999",
}
@book{bib14,
author = "WJ Knaus ",
title = "The Cognitive Behavioral Workbook for Anxiety: A Step-by-Step Program",
publisher = "New Harbinger Publications",
address = "Oakland",
year = "2008",
}
@book{bib15,
author = "{National Institute for Health and Care Excellence}",
title = "Generalised anxiety disorder and panic disorder in adults: management",
publisher = "NICE",
address = "Manchester",
year = "2011",
}
@article{bib16,
author = "V Hanot and R Churchill and V Teixeira and SM Lima ",
title = "Psychological therapies for generalized anxiety disorder",
journal = "Cochrane Database of Systematic Reviews",
year = "2007",
volume = "4",
doi = "10.1002/14651858.CD001848.pub4",
url = "https://doi.org/10.1002/14651858.CD001848.pub4",
}
@article{bib17,
author = "TD Borkovec and MG Newman and AL Pincus and R Lytle ",
title = "A component analysis of cognitive-behavioral therapy for generalized anxiety disorder and the role of interpersonal problems.",
journal = "Journal of Consulting and Clinical Psychology",
year = "2002",
volume = "70",
number = "2",
pages = "288--298",
doi = "10.1037/0022-006X.70.2.288",
url = "https://doi.org/10.1037/0022-006X.70.2.288",
}
@article{bib18,
author = "AN Kaczkurkin and EB Foa ",
title = "Cognitive-behavioral therapy for anxiety disorders: an update on the empirical evidence",
journal = "Dialogues in Clinical Neuroscience",
year = "2015",
volume = "17",
number = "3",
pages = "337--346",
}
@book{bib19,
author = "JS Beck and AT Beck ",
title = "Cognitive Behavior Therapy: Basics and Beyond. 2nd ed.",
publisher = "Guildford Press",
address = "New York",
year = "2011",
}
@book{bib20,
author = "DA Clark and AT Beck ",
title = "Cognitive Therapy of Anxiety Disorders: Science and Practice",
publisher = "Guilford Press",
address = "New York",
year = "2011",
}
@book{bib21,
author = "KS Dobson ",
title = "Handbook of Cognitive-Behavioral Therapies. 3rd ed.",
publisher = "Guilford Press",
address = "New York",
year = "2009",
}
@article{bib22,
author = "SC Segerstrom and JI Tsao and LE Alden and MG Craske ",
title = "Worry and rumination: Repetitive thought as a concomitant and predictor of negative mood",
journal = "Cognitive Therapy and Research",
year = "2000",
volume = "24",
pages = "671--688",
doi = "10.1023/A:1005587311498",
url = "https://doi.org/10.1023/A:1005587311498",
}
@book{bib23,
author = "Susan Young ",
title = "Cognitive-Behavioural Therapy for ADHD in Adolescents and Adults: A Psychological Guide to Practice. 2nd ed.",
publisher = "Wiley-Blackwell",
address = "Hoboken",
year = "2012",
}
@book{bib24,
author = "M Eskin ",
title = "Problem Solving Therapy in the Clinical Practice",
publisher = "Elsevier",
address = "Amsterdam",
year = "2013",
}
@article{bib25,
author = "P Cuijpers and M Sijbrandij and S Koole and M Huibers and M Berking and G Andersson ",
title = "Psychological treatment of generalized anxiety disorder: A meta-analysis",
journal = "Clinical Psychology Review",
year = "2014",
volume = "32",
number = "2",
pages = "130--140",
doi = "10.1016/j.cpr.2014.01.002",
url = "https://doi.org/10.1016/j.cpr.2014.01.002",
}
@inproceedings{bib26,
author = "L Carmi ",
title = "Clinical intervention in golden hours â€“ state of the art",
booktitle = "29th ECNP Congress",
address = "Vienna, Austria",
month = "September 20",
year = "2016",
}
