%Encoding: UTF - 8

@article{bib1,
author = "PD Loprinzi and E Smit and G Pariser ",
title = "Association Among Depression, Physical Functioning, and Hearing and Vision Impairment in Adults With Diabetes",
journal = "Diabetes Spectrum",
year = "2013",
volume = "26",
number = "1",
pages = "6--15",
doi = "10.2337/diaspect.26.1.6",
url = "https://doi.org/10.2337/diaspect.26.1.6",
}
@article{bib2,
author = "BW Rovner and RJ Casten ",
title = "Activity loss and depression in age-related macular de-generation",
journal = "Am J Geriatr Psychiatry",
year = "2002",
volume = "10",
number = "3",
pages = "305--310",
url = "https://www.ncbi.nlm.nih.gov/pubmed/11994218",
}
@article{bib3,
author = "D Leo and PA Hickey and G Meneghel and CH Cantor ",
title = "Blindness, Fear of Sight Loss, and Suicide",
journal = "Psychosomatics",
year = "1999",
volume = "40",
pages = "339--344",
doi = "10.1016/S0033-3182",
url = "https://doi.org/10.1016/S0033-3182",
}
@article{bib4,
author = "TJ Hine and NJ Pitchford and FAA Kingdom and R Koenekoop ",
title = "Blindness and High Suicide Risk?",
journal = "Psychosomatics",
year = "2000",
volume = "41",
number = "4",
pages = "370--371",
doi = "10.1176/appi.psy.41.4.370-a",
url = "https://doi.org/10.1176/appi.psy.41.4.370-a",
}
@article{bib5,
author = "M Feu and K Fergusson ",
title = "Sensory impairment and mental health",
journal = "Advances in Psychiatric Treatment",
year = "2003",
volume = "9",
number = "2",
pages = "95--103",
doi = "10.1192/apt.01.03",
url = "https://doi.org/10.1192/apt.01.03",
}
@article{bib6,
author = "M Thurston ",
title = "An inquiry into the emotional impact of sight loss and the counselling experiences and needs of blind and partially sighted people",
journal = "Counselling and Psychotherapy Research: Linking research with practice",
year = "2010",
volume = "10",
number = "1",
pages = "3--12",
doi = "10.1080/14733140903492139",
url = "https://doi.org/10.1080/14733140903492139",
}
@article{bib7,
author = "G Rees and HW Tee and M Marella ",
title = "Vision-Specific Distress and Depressive Symptoms in People with Vision Impairment",
journal = "Invest Ophthalmol Vis Sci",
year = "2010",
volume = "51",
number = "6",
pages = "2891--2896",
doi = "10.1167/iovs.09-5080",
url = "https://doi.org/10.1167/iovs.09-5080",
}
@article{bib8,
author = "AT Beck and CH Ward and M Mendelson and J Mock and J Erbaugh ",
title = "An Inventory for Measuring Depression",
journal = "Archives of General Psychiatry",
year = "1961",
volume = "4",
pages = "8--18",
url = "https://www.ncbi.nlm.nih.gov/pubmed/13688369",
}
@book{bib9,
author = "DY Raygorodskiy ",
title = "Prakticheskaya psihodiagnostika: metodiki i testyi",
publisher = "Bahrah",
address = "S-P",
year = "2002",
}
@book{bib10,
author = "VS Podkoryitov and YuYu Chayka ",
title = "Depressii (Sovremennaya terapiya)",
publisher = "Tornado",
address = "Harkov",
year = "2003",
}
@article{bib11,
author = "D Goodin and J Desmedt and K Maurer and MR Nuwer ",
title = "IFCN recommended standards for long latency auditory event-related potentials",
journal = "Electroencephalogr Clin Neurophysiol",
year = "1994",
volume = "91",
number = "1",
pages = "18--20",
url = "https://www.ncbi.nlm.nih.gov/pubmed/7517840",
}
@article{bib12,
author = "J Polich and PC Ellerson and J Cohen ",
title = "P300, stimulus intensity, modality, and probability",
journal = "Int J Psychophysiol",
year = "1996",
volume = "23",
number = "1",
pages = "55--62",
url = "https://www.ncbi.nlm.nih.gov/pubmed/8880366",
}
@book{bib13,
author = "M Kendal and A Styuart ",
title = "Statisticheskie vyivodyi i svyazi",
publisher = "Nauka",
address = "Moskva",
year = "1973",
}
@book{bib14,
author = "VP Borovikov and IP Borovikov ",
title = "STATISTICA - Statisticheskiy analiz i obrabotka dannyih v srede Windows",
publisher = "Informatsionno-izdatelskiy dom “Filin”",
address = "Moskva",
year = "1997",
}
@book{bib15,
author = "S Glants ",
title = "Mediko-biologicheskaya statistika",
publisher = "Praktika",
address = "Moskva",
year = "1998",
}
@article{bib16,
author = "DM Schnyer and JJ Allen ",
title = "Attention-related electroencephalographic and event-related potential predictors of responsiveness to suggested posthypnotic amnesia",
journal = "Int J Clin Exp Hypn",
year = "1995",
volume = "43",
number = "3",
pages = "295--315",
}
@article{bib17,
author = "JS Buchwald and R Erwin and D Lancker and D Guthrie and J Schwafel and P Tanguay ",
title = "Midlatency auditory evoked responses: P1 abnormalities in adult autistic subjects",
journal = "Electroencephalography and Clinical Neurophysiology",
year = "1992",
volume = "84",
pages = "164--171",
doi = "10.1016/0168-5597",
url = "https://doi.org/10.1016/0168-5597",
}
@article{bib18,
author = "JV Patterson and Y Jin and M Gierczak and WP Hetrick and S Potkin and WE Bunney and CA Sandman ",
title = "Effects of temporal variability on p50 and the gating ratio in schizophrenia: A frequency domain adaptive filter single-trial analysis",
journal = "Archives of General Psychiatry",
year = "2000",
volume = "57",
pages = "57--64",
url = "https://www.ncbi.nlm.nih.gov/pubmed/10632233",
}
@article{bib19,
author = "JB Green and A Burba and DM Freed ",
title = "The P1 component of the middle latency auditory potential  may differentiate a brainstem subgroup of Alzheimer disease",
journal = "Alzheimer Dis Assoc Disord",
year = "1997",
volume = "11",
number = "3",
pages = "153--157",
url = "https://www.ncbi.nlm.nih.gov/pubmed/9305500",
}
@article{bib20,
author = "JS Bushwald and EN Rubinstein and J Schwafel and RJ Strandburg ",
title = "Midlatency auditory evoked responses: differential effects of cholinergic agonist and antagonist",
journal = "EEG and Clin Neurophysiol",
year = "1991",
volume = "80",
number = "4",
pages = "303--312",
url = "https://www.ncbi.nlm.nih.gov/labs/articles/1713841/",
}
@book{bib21,
author = "R Naatanen ",
title = "Vnimanie i funktsii mozga: Ucheb",
publisher = "Izd-vo MGU",
address = "Posobie. Moskva",
year = "1998",
}
@article{bib22,
author = "EK Vogel and SJ Luck ",
title = "The visual N1 component as an index of a discrimination process",
journal = "Psychophysiology",
year = "2000",
volume = "37",
pages = "190--203",
url = "https://www.ncbi.nlm.nih.gov/pubmed/10731769",
}
@article{bib23,
author = "M Velasco and F Velasco ",
title = "Subcortical correlates of the somatic, auditory and visual vertex activites in man",
journal = "Electroencephalogr Clin Neurophysiol",
year = "1985",
volume = "61",
number = "6",
pages = "519--529",
url = "https://www.ncbi.nlm.nih.gov/pubmed/2415327",
}
@article{bib24,
author = "J Polich and JE Alexander and LO Bauer ",
title = "P300 topography of amplitude/latency correlations",
journal = "Brain Topogr",
year = "1997",
volume = "9",
number = "4",
pages = "275--282",
url = "https://www.ncbi.nlm.nih.gov/labs/articles/9217986/",
}
@article{bib25,
author = "JD Kropotov and R Naatnen and AV Sevostianov ",
title = "Mismatch negativity to auditory stimulus change recorded directly from the human temporal cortex",
journal = "Psychophysiology",
year = "1995",
volume = "32",
number = "4",
pages = "418--422",
url = "https://www.ncbi.nlm.nih.gov/pubmed/7652119",
}
@article{bib26,
author = "G McCarthy and AC Nobre ",
title = "Modulation of semantic processing by spatial selective attention",
journal = "Electroencephalogr Clin Neurophysiol",
year = "1993",
volume = "88",
number = "3",
pages = "210--219",
doi = "10.1016/0168-5597",
url = "https://doi.org/10.1016/0168-5597",
}
@book{bib27,
author = "VV Gnezditskiy ",
title = "Vyizvannyie potentsialyi mozga v klinicheskoy praktike",
publisher = "Izd-vo TRTU",
address = "Taganrog",
year = "1997",
}
@article{bib28,
author = "E Donchin and MGH Coles ",
title = "Is the P300 component a manifestation of context updating?",
journal = "The bichavioral and Brain Sciences",
year = "1988",
volume = "11",
pages = "357--374",
doi = "10.1017/S0140525X00058027",
url = "https://doi.org/10.1017/S0140525X00058027",
}
@article{bib29,
author = "G McCarthy and AC Nobre ",
title = "Modulation of semantic processing by spatial selective attention",
journal = "Electroencephalogr Clin Neurophysiol",
year = "1993",
volume = "88",
number = "3",
pages = "210--219",
url = "https://www.ncbi.nlm.nih.gov/pubmed/7684969",
}
@article{bib30,
author = "IT Uhlen and E Borg and HE Persson and KE Spens ",
title = "Topography of auditory evoked cortical potentials in children with severe language impairment: the N1 component",
journal = "Electroencephalogr Clin Neurophysiol",
year = "1996",
volume = "100",
number = "3",
pages = "250--260",
url = "https://www.ncbi.nlm.nih.gov/pubmed/8681866",
}
@article{bib31,
author = "M Hyde ",
title = "The N1 response and its applications",
journal = "Audiol Neurootol",
year = "1997",
volume = "2",
number = "5",
pages = "281--307",
url = "https://www.ncbi.nlm.nih.gov/pubmed/9390837",
}
@article{bib32,
author = "G Juckel and M Molnar and U Hegerl ",
title = "Auditory-evoked potentials as indicator of brain serotonergic activity—first evidence in behaving cats",
journal = "Biol Psychiatry",
year = "1997",
volume = "41",
number = "12",
pages = "1181--1195",
doi = "10.1016/S0006-3223",
url = "https://doi.org/10.1016/S0006-3223",
}
@inproceedings{bib33,
author = "ZS Kevanishvili and OZ Davitashvili ",
title = "Korotko- sredne- i dlinnolatentnyie sluhovyie vyizvannyie potentsialyi pri mono- i binauralnom zvukovom razdrazhenii",
booktitle = "Audiometriya po sluhovyim vyizvannyim potentsialam",
address = "Tbilisi, Georgia",
year = "1983",
}
@article{bib34,
author = "S Arehole ",
title = "A preliminary study of the relationship between long latency response and learning disorder",
journal = "Br J Audiol",
year = "1995",
volume = "29",
number = "6",
pages = "295--298",
url = "https://www.ncbi.nlm.nih.gov/pubmed/8861405",
}
@article{bib35,
author = "GF Potts and J Dien and AL Hartry-Speiser ",
title = "Dense sensor array topography of the event-related potential to task-relevant auditory stimuli",
journal = "Electroencephalogr Clin Neurophysiol",
year = "1998",
volume = "106",
number = "5",
pages = "444--456",
url = "https://www.ncbi.nlm.nih.gov/pubmed/9680158",
}
